@inproceedings{hearst1999untangling,
  title={Untangling text data mining},
  author={Hearst, Marti A},
  booktitle={Proceedings of the 37th annual meeting of the Association for Computational Linguistics on Computational Linguistics},
  pages={3--10},
  year={1999},
  organization={Association for Computational Linguistics}
}

@article{notaro2017prediction,
  title={Prediction of Human Phenotype Ontology terms by means of hierarchical ensemble methods},
  author={Notaro, Marco and Schubach, Max and Robinson, Peter N and Valentini, Giorgio},
  journal={BMC bioinformatics},
  volume={18},
  number={1},
  pages={449},
  year={2017},
  publisher={BioMed Central}
}

@article{li2017neural,
  title={A neural joint model for entity and relation extraction from biomedical text},
  author={Li, Fei and Zhang, Meishan and Fu, Guohong and Ji, Donghong},
  journal={BMC bioinformatics},
  volume={18},
  number={1},
  pages={198},
  year={2017},
  publisher={BioMed Central}
}

@article{lecun2015deep,
  title={Deep learning},
  author={LeCun, Yann and Bengio, Yoshua and Hinton, Geoffrey},
  journal={nature},
  volume={521},
  number={7553},
  pages={436--444},
  year={2015},
  publisher={Nature Publishing Group}
}

@inproceedings{jiang2016relation,
  title={Relation extraction with multi-instance multi-label convolutional neural networks},
  author={Jiang, Xiaotian and Wang, Quan and Li, Peng and Wang, Bin},
  booktitle={Proceedings of COLING 2016, the 26th International Conference on Computational Linguistics: Technical Papers},
  pages={1471--1480},
  year={2016}
}

@inproceedings{lin2016neural,
  title={Neural relation extraction with selective attention over instances},
  author={Lin, Yankai and Shen, Shiqi and Liu, Zhiyuan and Luan, Huanbo and Sun, Maosong},
  booktitle={Proceedings of the 54th Annual Meeting of the Association for Computational Linguistics (Volume 1: Long Papers)},
  pages={2124--2133},
  year={2016}
}

@inproceedings{mikolov2013distributed,
  title={Distributed representations of words and phrases and their compositionality},
  author={Mikolov, Tomas and Sutskever, Ilya and Chen, Kai and Corrado, Greg S and Dean, Jeff},
  booktitle={Advances in neural information processing systems},
  pages={3111--3119},
  year={2013}
}

@article{kumar2017survey,
  title={A survey of deep learning methods for relation extraction},
  author={Kumar, Shantanu},
  journal={arXiv preprint arXiv:1705.03645},
  year={2017}
}

@inproceedings{vaswani2017attention,
  title={Attention is all you need},
  author={Vaswani, Ashish and Shazeer, Noam and Parmar, Niki and Uszkoreit, Jakob and Jones, Llion and Gomez, Aidan N and Kaiser, {\L}ukasz and Polosukhin, Illia},
  booktitle={Advances in neural information processing systems},
  pages={5998--6008},
  year={2017}
}

@inproceedings{devlin2019bert,
  title={BERT: Pre-training of Deep Bidirectional Transformers for Language Understanding},
  author={Devlin, Jacob and Chang, Ming-Wei and Lee, Kenton and Toutanova, Kristina},
  booktitle={Proceedings of the 2019 Conference of the North American Chapter of the Association for Computational Linguistics: Human Language Technologies, Volume 1 (Long and Short Papers)},
  pages={4171--4186},
  year={2019}
}

@article{lee2020biobert,
  title={Bio{BERT}: a pre-trained biomedical language representation model for biomedical text mining},
  author={Lee, Jinhyuk and Yoon, Wonjin and Kim, Sungdong and Kim, Donghyeon and Kim, Sunkyu and So, Chan Ho and Kang, Jaewoo},
  journal={Bioinformatics},
  volume={36},
  number={4},
  pages={1234--1240},
  year={2020},
  publisher={Oxford University Press}
}

@article{ashburner2000gene,
  title={Gene ontology: tool for the unification of biology},
  author={Ashburner, Michael and Ball, Catherine A and Blake, Judith A and Botstein, David and Butler, Heather and Cherry, J Michael and Davis, Allan P and Dolinski, Kara and Dwight, Selina S and Eppig, Janan T and others},
  journal={Nature genetics},
  volume={25},
  number={1},
  pages={25--29},
  year={2000},
  publisher={Nature Publishing Group}
}

@article{robinson2010human,
  title={The human phenotype ontology},
  author={Robinson, Peter N and Mundlos, S},
  journal={Clinical genetics},
  volume={77},
  number={6},
  pages={525--534},
  year={2010},
  publisher={Wiley Online Library}
}

@article{lamurias2019bo,
  title={BO-LSTM: classifying relations via long short-term memory networks along biomedical ontologies},
  author={Lamurias, Andre and Sousa, Diana and Clarke, Luka A and Couto, Francisco M},
  journal={BMC bioinformatics},
  volume={20},
  number={1},
  pages={1--12},
  year={2019},
  publisher={BioMed Central}
}

@inproceedings{sousa2020biont,
  title={Bi{O}nt: deep learning using multiple biomedical ontologies for relation extraction},
  author={Sousa, Diana and Couto, Francisco M},
  booktitle={European Conference on Information Retrieval},
  pages={367--374},
  year={2020},
  organization={Springer}
}

@article{sousa2019using,
  title={Using neural networks for relation extraction from biomedical literature},
  author={Sousa, Diana and Lamurias, Andre and Couto, Francisco M},
  journal={arXiv preprint arXiv:1905.11391},
  year={2019}
}

@article{sennrich2015neural,
  title={Neural machine translation of rare words with subword units},
  author={Sennrich, Rico and Haddow, Barry and Birch, Alexandra},
  journal={arXiv preprint arXiv:1508.07909},
  year={2015}
}

@book{manning2008introduction,
  title={Introduction to information retrieval},
  author={Manning, Christopher D and Raghavan, Prabhakar and Sch{\"u}tze, Hinrich},
  year={2008},
  publisher={Cambridge university press}
}

@book{aho1986compilers,
 author = {Aho, Alfred V. and Sethi, Ravi and and Ullman, Jeffrey D.},
 title = {Compilers: Principles, techniques, \& tools},
 year = {1986},
 publisher = {Addison-Wesley},
}

@article{westergaard2018comprehensive,
  title={A comprehensive and quantitative comparison of text-mining in 15 million full-text articles versus their corresponding abstracts},
  author={Westergaard, David and St{\ae}rfeldt, Hans-Henrik and T{\o}nsberg, Christian and Jensen, Lars Juhl and Brunak, S{\o}ren},
  journal={PLoS computational biology},
  volume={14},
  number={2},
  pages={e1005962},
  year={2018},
  publisher={Public Library of Science}
}

@article{fleuren2015application,
  title={Application of text mining in the biomedical domain},
  author={Fleuren, Wilco WM and Alkema, Wynand},
  journal={Methods},
  volume={74},
  pages={97--106},
  year={2015},
  publisher={Elsevier}
}

@article{singhal2016text,
  title={Text mining genotype-phenotype relationships from biomedical literature for database curation and precision medicine},
  author={Singhal, Ayush and Simmons, Michael and Lu, Zhiyong},
  journal={PLoS computational biology},
  volume={12},
  number={11},
  year={2016},
  publisher={Public Library of Science}
}

@article{lamurias2017extracting,
  title={Extracting microRNA-gene relations from biomedical literature using distant supervision},
  author={Lamurias, Andre and Clarke, Luka A and Couto, Francisco M},
  journal={PloS one},
  volume={12},
  number={3},
  year={2017},
  publisher={Public Library of Science}
}

@inproceedings{zhang2017review,
  title={A review on entity relation extraction},
  author={Zhang, Qianqian and Chen, Mengdong and Liu, Lianzhong},
  booktitle={2017 Second International Conference on Mechanical, Control and Computer Engineering (ICMCCE)},
  pages={178--183},
  year={2017},
  organization={IEEE}
}

@article{zweigenbaum2007frontiers,
  title={Frontiers of biomedical text mining: current progress},
  author={Zweigenbaum, Pierre and Demner-Fushman, Dina and Yu, Hong and Cohen, Kevin B},
  journal={Briefings in bioinformatics},
  volume={8},
  number={5},
  pages={358--375},
  year={2007},
  publisher={Oxford University Press}
}

@inproceedings{bunescu2006integrating,
  title={Integrating co-occurrence statistics with information extraction for robust retrieval of protein interactions from Medline},
  author={Bunescu, Razvan and Mooney, Raymond and Ramani, Arun and Marcotte, Edward},
  booktitle={Proceedings of the HLT-NAACL BioNLP Workshop on Linking Natural Language and Biology},
  pages={49--56},
  year={2006},
  organization={Association for Computational Linguistics}
}

@book{smolinski2009computational,
  title={Computational Intelligence in Biomedicine and Bioinformatics: Current trends and applications},
  author={Smolinski, Tomasz G and Milanova, Mariofanna G and Hassanien, Aboul-Ella},
  volume={151},
  year={2009},
  publisher={Springer}
}

@article{hao2005discovering,
  title={Discovering patterns to extract protein--protein interactions from the literature: Part II},
  author={Hao, Yu and Zhu, Xiaoyan and Huang, Minlie and Li, Ming},
  journal={Bioinformatics},
  volume={21},
  number={15},
  pages={3294--3300},
  year={2005},
  publisher={Oxford University Press}
}

@article{wang2011inference,
  title={Inference of transcriptional regulatory network by bootstrapping patterns},
  author={Wang, Hei-Chia and Chen, Yi-HSiu and Kao, Hung-Yu and Tsai, Shaw-Jenq},
  journal={Bioinformatics},
  volume={27},
  number={10},
  pages={1422--1428},
  year={2011},
  publisher={Oxford University Press}
}

@inproceedings{liu2011graphs,
  title={From graphs to events: A subgraph matching approach for information extraction from biomedical text},
  author={Liu, Haibin and Komandur, Ravikumar and Verspoor, Karin},
  booktitle={Proceedings of the BioNLP Shared Task 2011 Workshop},
  pages={164--172},
  year={2011},
  organization={Association for Computational Linguistics}
}

@article{nguyen2010simple,
  title={Simple tricks for improving pattern-based information extraction from the biomedical literature},
  author={Nguyen, Quang Long and Tikk, Domonkos and Leser, Ulf},
  journal={Journal of biomedical semantics},
  volume={1},
  number={1},
  pages={9},
  year={2010},
  publisher={Springer}
}

@article{koike2005automatic,
  title={Automatic extraction of gene/protein biological functions from biomedical text},
  author={Koike, Asako and Niwa, Yoshiki and Takagi, Toshihisa},
  journal={Bioinformatics},
  volume={21},
  number={7},
  pages={1227--1236},
  year={2005},
  publisher={Oxford University Press}
}

@article{rinaldi2007mining,
  title={Mining of relations between proteins over biomedical scientific literature using a deep-linguistic approach},
  author={Rinaldi, Fabio and Schneider, Gerold and Kaljurand, Kaarel and Hess, Michael and Andronis, Christos and Konstandi, Ourania and Persidis, Andreas},
  journal={Artificial intelligence in medicine},
  volume={39},
  number={2},
  pages={127--136},
  year={2007},
  publisher={Elsevier}
}

@article{xu2012feature,
  title={Feature engineering combined with machine learning and rule-based methods for structured information extraction from narrative clinical discharge summaries},
  author={Xu, Yan and Hong, Kai and Tsujii, Junichi and Chang, Eric I-Chao},
  journal={Journal of the American Medical Informatics Association},
  volume={19},
  number={5},
  pages={824--832},
  year={2012},
  publisher={BMJ Group BMA House, Tavistock Square, London, WC1H 9JR}
}

@article{kim2008detection,
  title={Detection of gene interactions based on syntactic relations},
  author={Kim, Mi-Young},
  journal={BioMed Research International},
  volume={2008},
  year={2008},
  publisher={Hindawi Publishing Corporation}
}

@inproceedings{giuliano2006exploiting,
  title={Exploiting shallow linguistic information for relation extraction from biomedical literature},
  author={Giuliano, Claudio and Lavelli, Alberto and Romano, Lorenza},
  booktitle={11th Conference of the European Chapter of the Association for Computational Linguistics},
  year={2006}
}

@inproceedings{hoffmann2011knowledge,
  title={Knowledge-based weak supervision for information extraction of overlapping relations},
  author={Hoffmann, Raphael and Zhang, Congle and Ling, Xiao and Zettlemoyer, Luke and Weld, Daniel S},
  booktitle={Proceedings of the 49th Annual Meeting of the Association for Computational Linguistics: Human Language Technologies-Volume 1},
  pages={541--550},
  year={2011},
  organization={Association for Computational Linguistics}
}

@inproceedings{augenstein2015extracting,
  title={Extracting relations between non-standard entities using distant supervision and imitation learning},
  author={Augenstein, Isabelle and Vlachos, Andreas and Maynard, Diana},
  booktitle={Proceedings of the 2015 Conference on Empirical Methods in Natural Language Processing},
  pages={747--757},
  year={2015},
  organization={Association for Computational Linguistics}
}

@inproceedings{hasegawa2004discovering,
  title={Discovering relations among named entities from large corpora},
  author={Hasegawa, Takaaki and Sekine, Satoshi and Grishman, Ralph},
  booktitle={Proceedings of the 42nd annual meeting on association for computational linguistics},
  pages={415},
  year={2004},
  organization={Association for Computational Linguistics}
}

@inproceedings{shinyama2006preemptive,
  title={Preemptive information extraction using unrestricted relation discovery},
  author={Shinyama, Yusuke and Sekine, Satoshi},
  booktitle={Proceedings of the main conference on Human Language Technology Conference of the North American Chapter of the Association of Computational Linguistics},
  pages={304--311},
  year={2006},
  organization={Association for Computational Linguistics}
}

@article{quan2014unsupervised,
  title={An unsupervised text mining method for relation extraction from biomedical literature},
  author={Quan, Changqin and Wang, Meng and Ren, Fuji},
  journal={PloS one},
  volume={9},
  number={7},
  year={2014},
  publisher={Public Library of Science}
}

@book{haykin1994neural,
  title={Neural networks: a comprehensive foundation},
  author={Haykin, Simon},
  year={1994},
  publisher={Prentice Hall PTR}
}

@article{guresen2011definition,
  title={Definition of artificial neural networks with comparison to other networks},
  author={Guresen, Erkam and Kayakutlu, Gulgun},
  journal={Procedia Computer Science},
  volume={3},
  pages={426--433},
  year={2011},
  publisher={Elsevier}
}

@article{bengio2003neural,
  title={A neural probabilistic language model},
  author={Bengio, Yoshua and Ducharme, R{\'e}jean and Vincent, Pascal and Jauvin, Christian},
  journal={Journal of machine learning research},
  volume={3},
  number={Feb},
  pages={1137--1155},
  year={2003}
}

@inproceedings{nguyen2015relation,
  title={Relation extraction: Perspective from convolutional neural networks},
  author={Nguyen, Thien Huu and Grishman, Ralph},
  booktitle={Proceedings of the 1st Workshop on Vector Space Modeling for Natural Language Processing},
  pages={39--48},
  year={2015}
}

@inproceedings{xue2018relation,
  title={Relation Extraction Based on Deep Learning},
  author={Xue, Liu and Qing, Song and Pengzhou, Zhang},
  booktitle={2018 IEEE/ACIS 17th International Conference on Computer and Information Science (ICIS)},
  pages={687--691},
  year={2018},
  organization={IEEE}
}

@article{hochreiter1997long,
  title={Long short-term memory},
  author={Hochreiter, Sepp and Schmidhuber, J{\"u}rgen},
  journal={Neural computation},
  volume={9},
  number={8},
  pages={1735--1780},
  year={1997},
  publisher={MIT Press}
}

@article{miwa2016end,
  title={End-to-end relation extraction using lstms on sequences and tree structures},
  author={Miwa, Makoto and Bansal, Mohit},
  journal={arXiv preprint arXiv:1601.00770},
  year={2016}
}

@inproceedings{zhang2015bidirectional,
  title={Bidirectional long short-term memory networks for relation classification},
  author={Zhang, Shu and Zheng, Dequan and Hu, Xinchen and Yang, Ming},
  booktitle={Proceedings of the 29th Pacific Asia conference on language, information and computation},
  pages={73--78},
  year={2015}
}

@inproceedings{xu2015classifying,
  title={Classifying relations via long short term memory networks along shortest dependency paths},
  author={Xu, Yan and Mou, Lili and Li, Ge and Chen, Yunchuan and Peng, Hao and Jin, Zhi},
  booktitle={Proceedings of the 2015 conference on empirical methods in natural language processing},
  pages={1785--1794},
  year={2015}
}

@article{peters2018deep,
  title={Deep contextualized word representations},
  author={Peters, Matthew E and Neumann, Mark and Iyyer, Mohit and Gardner, Matt and Clark, Christopher and Lee, Kenton and Zettlemoyer, Luke},
  journal={arXiv preprint arXiv:1802.05365},
  year={2018}
}

@article{howard2018universal,
  title={Universal language model fine-tuning for text classification},
  author={Howard, Jeremy and Ruder, Sebastian},
  journal={arXiv preprint arXiv:1801.06146},
  year={2018}
}

@book{miller1998wordnet,
  title={WordNet: An electronic lexical database},
  author={Miller, George A},
  year={1998},
  publisher={MIT press}
}

@inproceedings{li2014incremental,
  title={Incremental joint extraction of entity mentions and relations},
  author={Li, Qi and Ji, Heng},
  booktitle={Proceedings of the 52nd Annual Meeting of the Association for Computational Linguistics (Volume 1: Long Papers)},
  pages={402--412},
  year={2014}
}

@inproceedings{li2016joint,
  title={Joint Models for Extracting Adverse Drug Events from Biomedical Text.},
  author={Li, Fei and Zhang, Yue and Zhang, Meishan and Ji, Donghong},
  booktitle={IJCAI},
  volume={2016},
  pages={2838--2844},
  year={2016}
}

@inproceedings{mooney2006subsequence,
  title={Subsequence kernels for relation extraction},
  author={Mooney, Raymond J and Bunescu, Razvan C},
  booktitle={Advances in neural information processing systems},
  pages={171--178},
  year={2006}
}

@inproceedings{girju2007semeval,
  title={Semeval-2007 task 04: Classification of semantic relations between nominals},
  author={Girju, Roxana and Nakov, Preslav and Nastase, Vivi and Szpakowicz, Stan and Turney, Peter and Yuret, Deniz},
  booktitle={Proceedings of the Fourth International Workshop on Semantic Evaluations (SemEval-2007)},
  pages={13--18},
  year={2007}
}

@inproceedings{hendrickx2010semeval,
  title={Semeval-2010 task 8: Multi-way classification of semantic relations between pairs of nominals},
  author={Hendrickx, Iris and Kim, Su Nam and Kozareva, Zornitsa and Nakov, Preslav and S{\'e}aghdha, Diarmuid O and Pad{\'o}, Sebastian and Pennacchiotti, Marco and Romano, Lorenza and Szpakowicz, Stan},
  booktitle={Proceedings of the 5th International Workshop on Semantic Evaluation},
  pages={33--38},
  year={2010},
  organization={Association for Computational Linguistics}
}

@inproceedings{culotta2006integrating,
  title={Integrating probabilistic extraction models and data mining to discover relations and patterns in text},
  author={Culotta, Aron and McCallum, Andrew and Betz, Jonathan},
  booktitle={Proceedings of the main conference on Human Language Technology Conference of the North American Chapter of the Association of Computational Linguistics},
  pages={296--303},
  year={2006},
  organization={Association for Computational Linguistics}
}

@inproceedings{bunescu2007learning,
  title={Learning to extract relations from the web using minimal supervision},
  author={Bunescu, Razvan and Mooney, Raymond},
  booktitle={Proceedings of the 45th Annual Meeting of the Association of Computational Linguistics},
  pages={576--583},
  year={2007}
}

@inproceedings{kim2011overview,
  title={Overview of BioNLP shared task 2011},
  author={Kim, Jin-Dong and Pyysalo, Sampo and Ohta, Tomoko and Bossy, Robert and Nguyen, Ngan and Tsujii, Jun'ichi},
  booktitle={Proceedings of the BioNLP shared task 2011 workshop},
  pages={1--6},
  year={2011},
  organization={Association for Computational Linguistics}
}

@article{gurulingappa2012development,
  title={Development of a benchmark corpus to support the automatic extraction of drug-related adverse effects from medical case reports},
  author={Gurulingappa, Harsha and Rajput, Abdul Mateen and Roberts, Angus and Fluck, Juliane and Hofmann-Apitius, Martin and Toldo, Luca},
  journal={Journal of biomedical informatics},
  volume={45},
  number={5},
  pages={885--892},
  year={2012},
  publisher={Elsevier}
}

@article{zhang2015relation,
  title={Relation classification via recurrent neural network},
  author={Zhang, Dongxu and Wang, Dong},
  journal={arXiv preprint arXiv:1508.01006},
  year={2015}
}

@inproceedings{fader2011identifying,
  title={Identifying relations for open information extraction},
  author={Fader, Anthony and Soderland, Stephen and Etzioni, Oren},
  booktitle={Proceedings of the conference on empirical methods in natural language processing},
  pages={1535--1545},
  year={2011},
  organization={Association for Computational Linguistics}
}

@inproceedings{del2013clausie,
  title={Clausie: clause-based open information extraction},
  author={Del Corro, Luciano and Gemulla, Rainer},
  booktitle={Proceedings of the 22nd international conference on World Wide Web},
  pages={355--366},
  year={2013}
}

@inproceedings{mesquita2013effectiveness,
  title={Effectiveness and efficiency of open relation extraction},
  author={Mesquita, Filipe and Schmidek, Jordan and Barbosa, Denilson},
  booktitle={Proceedings of the 2013 Conference on Empirical Methods in Natural Language Processing},
  pages={447--457},
  year={2013}
}

@inproceedings{riedel2010modeling,
  title={Modeling relations and their mentions without labeled text},
  author={Riedel, Sebastian and Yao, Limin and McCallum, Andrew},
  booktitle={Joint European Conference on Machine Learning and Knowledge Discovery in Databases},
  pages={148--163},
  year={2010},
  organization={Springer}
}

@inproceedings{sousa2019silver,
  title={A Silver Standard Corpus of Human Phenotype-Gene Relations},
  author={Sousa, Diana and Lam{\'u}rias, Andr{\'e} and Couto, Francisco M},
  booktitle={Proceedings of the 2019 Conference of the North American Chapter of the Association for Computational Linguistics: Human Language Technologies, Volume 1 (Long and Short Papers)},
  pages={1487--1492},
  year={2019}
}

@article{yadav2019survey,
  title={A survey on recent advances in named entity recognition from deep learning models},
  author={Yadav, Vikas and Bethard, Steven},
  journal={arXiv preprint arXiv:1910.11470},
  year={2019}
}

@inproceedings{ciaramita2006broad,
  title={Broad-coverage sense disambiguation and information extraction with a supersense sequence tagger},
  author={Ciaramita, Massimiliano and Altun, Yasemin},
  booktitle={Proceedings of the 2006 Conference on Empirical Methods in Natural Language Processing},
  pages={594--602},
  year={2006},
  organization={Association for Computational Linguistics}
}

@article{schriml2012disease,
  title={Disease Ontology: a backbone for disease semantic integration},
  author={Schriml, Lynn Marie and Arze, Cesar and Nadendla, Suvarna and Chang, Yu-Wei Wayne and Mazaitis, Mark and Felix, Victor and Feng, Gang and Kibbe, Warren Alden},
  journal={Nucleic acids research},
  volume={40},
  number={D1},
  pages={D940--D946},
  year={2012},
  publisher={Oxford University Press}
}

@inproceedings{segura2013semeval,
  title={SemEval-2013 Task 9: Extraction of Drug-Drug Interactions from Biomedical Texts (DDIExtraction 2013)},
  author={Segura-Bedmar, Isabel and Mart{\'\i}nez, Paloma and Herrero-Zazo, Mar{\'\i}a},
  booktitle={Second Joint Conference on Lexical and Computational Semantics (* SEM), Volume 2: Proceedings of the Seventh International Workshop on Semantic Evaluation (SemEval 2013)},
  pages={341--350},
  year={2013}
}

@article{cooper2018planteome,
  title={The Planteome database: an integrated resource for reference ontologies, plant genomics and phenomics},
  author={Cooper, Laurel and Meier, Austin and Laporte, Marie-Ang{\'e}lique and Elser, Justin L and Mungall, Chris and Sinn, Brandon T and Cavaliere, Dario and Carbon, Seth and Dunn, Nathan A and Smith, Barry and others},
  journal={Nucleic acids research},
  volume={46},
  number={D1},
  pages={D1168--D1180},
  year={2018},
  publisher={Oxford University Press}
}

@article{huang2016community,
  title={Community challenges in biomedical text mining over 10 years: success, failure and the future},
  author={Huang, Chung-Chi and Lu, Zhiyong},
  journal={Briefings in bioinformatics},
  volume={17},
  number={1},
  pages={132--144},
  year={2016},
  publisher={Oxford University Press}
}

@article{gruber1993translation,
  title={A translation approach to portable ontology specifications},
  author={Gruber, Thomas R and others},
  journal={Knowledge acquisition},
  volume={5},
  number={2},
  pages={199--221},
  year={1993},
  publisher={Academic Press}
}

@article{hastings2016chebi,
  title={ChEBI in 2016: Improved services and an expanding collection of metabolites},
  author={Hastings, Janna and Owen, Gareth and Dekker, Adriano and Ennis, Marcus and Kale, Namrata and Muthukrishnan, Venkatesh and Turner, Steve and Swainston, Neil and Mendes, Pedro and Steinbeck, Christoph},
  journal={Nucleic acids research},
  volume={44},
  number={D1},
  pages={D1214--D1219},
  year={2016},
  publisher={Oxford University Press}
}

@incollection{li2016learning,
  title={Learning word sense embeddings from word sense definitions},
  author={Li, Qi and Li, Tianshi and Chang, Baobao},
  booktitle={Natural Language Understanding and Intelligent Applications},
  pages={224--235},
  year={2016},
  publisher={Springer}
}

@inproceedings{ma2017ontology,
  title={An ontology-based latent semantic indexing approach using long short-term memory networks},
  author={Ma, Ningning and Zheng, Hai-Tao and Xiao, Xi},
  booktitle={Asia-Pacific Web (APWeb) and Web-Age Information Management (WAIM) Joint Conference on Web and Big Data},
  pages={185--199},
  year={2017},
  organization={Springer}
}

@article{goyal2018graph,
  title={Graph embedding techniques, applications, and performance: A survey},
  author={Goyal, Palash and Ferrara, Emilio},
  journal={Knowledge-Based Systems},
  volume={151},
  pages={78--94},
  year={2018},
  publisher={Elsevier}
}

@inproceedings{kong2013multi,
  title={Multi-label classification by mining label and instance correlations from heterogeneous information networks},
  author={Kong, Xiangnan and Cao, Bokai and Yu, Philip S},
  booktitle={Proceedings of the 19th ACM SIGKDD international conference on Knowledge discovery and data mining},
  pages={614--622},
  year={2013}
}

@inproceedings{dasigi2017ontology,
  title={Ontology-Aware Token Embeddings for Prepositional Phrase Attachment},
  author={Dasigi, Pradeep and Ammar, Waleed and Dyer, Chris and Hovy, Eduard},
  booktitle={Proceedings of the 55th Annual Meeting of the Association for Computational Linguistics (Volume 1: Long Papers)},
  pages={2089--2098},
  year={2017}
}

@article{muller2004textpresso,
  title={Textpresso: an ontology-based information retrieval and extraction system for biological literature},
  author={M{\"u}ller, Hans-Michael and Kenny, Eimear E and Sternberg, Paul W},
  journal={PLoS biology},
  volume={2},
  number={11},
  year={2004},
  publisher={Public Library of Science}
}

@inproceedings{tripodi2017knowledge,
  title={Knowledge-base-enriched relation extraction},
  author={Tripodi, Ignacio and Boguslav, M and Hailu, N and Hunter, LE},
  booktitle={Proceedings of the Sixth BioCreative Challenge Evaluation Workshop. Bethesda, MD USA},
  volume={1},
  pages={163--6},
  year={2017}
}

@inproceedings{de2014medical,
  title={Medical semantic similarity with a neural language model},
  author={De Vine, Lance and Zuccon, Guido and Koopman, Bevan and Sitbon, Laurianne and Bruza, Peter},
  booktitle={Proceedings of the 23rd ACM international conference on conference on information and knowledge management},
  pages={1819--1822},
  year={2014}
}

@article{xu2018leveraging,
  title={Leveraging biomedical resources in bi-lstm for drug-drug interaction extraction},
  author={Xu, Bo and Shi, Xiufeng and Zhao, Zhehuan and Zheng, Wei},
  journal={IEEE Access},
  volume={6},
  pages={33432--33439},
  year={2018},
  publisher={IEEE}
}

@article{peng2017cross,
  title={Cross-sentence {N}-ary relation extraction with graph {LSTM}s},
  author={Peng, Nanyun and Poon, Hoifung and Quirk, Chris and Toutanova, Kristina and Yih, Wen-tau},
  journal={Transactions of the Association for Computational Linguistics},
  volume={5},
  pages={101--115},
  year={2017},
  publisher={MIT Press}
}

@inproceedings{song2018n,
  title={{N}-ary Relation Extraction using Graph-State {LSTM}},
  author={Song, Linfeng and Zhang, Yue and Wang, Zhiguo and Gildea, Daniel},
  booktitle={Proceedings of the 2018 Conference on Empirical Methods in Natural Language Processing},
  pages={2226--2235},
  year={2018}
}

@article{wang2017dependency,
  title={Dependency-based long short term memory network for drug-drug interaction extraction},
  author={Wang, Wei and Yang, Xi and Yang, Canqun and Guo, Xiaowei and Zhang, Xiang and Wu, Chengkun},
  journal={BMC bioinformatics},
  volume={18},
  number={16},
  pages={578},
  year={2017},
  publisher={BioMed Central}
}

@article{pesquita2009semantic,
  title={Semantic similarity in biomedical ontologies},
  author={Pesquita, Catia and Faria, Daniel and Falcao, Andre O and Lord, Phillip and Couto, Francisco M},
  journal={PLoS computational biology},
  volume={5},
  number={7},
  year={2009},
  publisher={Public Library of Science}
}

@article{lamurias2014identifying,
  title={Identifying interactions between chemical entities in biomedical text},
  author={Lamurias, Andre and Ferreira, Jo{\~a}o D and Couto, Francisco M},
  journal={Journal of integrative bioinformatics},
  volume={11},
  number={3},
  pages={1--16},
  year={2014},
  publisher={De Gruyter}
}

@article{couto2019semantic,
  title={Semantic similarity definition},
  author={Couto, F and Lamurias, Andre},
  journal={Encyclopedia of bioinformatics and computational biology},
  volume={1},
  year={2019},
  publisher={Elsevier}
}

@inproceedings{resnik1995using,
  title={Using information content to evaluate semantic similarity in a taxonomy},
  author={Resnik, Philip},
  booktitle={Proceedings of the 14th international joint conference on Artificial intelligence-Volume 1},
  pages={448--453},
  year={1995}
}

@inproceedings{lin1998information,
  title={An information-theoretic definition of similarity.},
  author={Lin, Dekang and others},
  booktitle={Icml},
  pages={296--304},
  year={1998}
}

@article{sousa2020improving,
  title={Improving accessibility and distinction between negative results in biomedical relation extraction},
  author={Sousa, Diana and Lamurias, Andre and Couto, Francisco M},
  journal={Genomics \& Informatics},
  volume={18},
  number={2},
  year={2020},
  publisher={Korea Genome Organization}
}

@inproceedings{jiang2018revisiting,
  title={Revisiting distant supervision for relation extraction},
  author={Jiang, Tingsong and Liu, Jing and Lin, Chin-Yew and Sui, Zhifang},
  booktitle={Proceedings of the Eleventh International Conference on Language Resources and Evaluation (LREC 2018)},
  year={2018}
}

@article{blohm2014negatome,
  title={Negatome 2.0: a database of non-interacting proteins derived by literature mining, manual annotation and protein structure analysis},
  author={Blohm, Philipp and Frishman, Goar and Smialowski, Pawel and Goebels, Florian and Wachinger, Benedikt and Ruepp, Andreas and Frishman, Dmitrij},
  journal={Nucleic acids research},
  volume={42},
  number={D1},
  pages={D396--D400},
  year={2014},
  publisher={Oxford University Press}
}

@article{li2020bio,
  title={Bio-semantic relation extraction with attention-based external knowledge reinforcement},
  author={Li, Zhijing and Lian, Yuchen and Ma, Xiaoyong and Zhang, Xiangrong and Li, Chen},
  journal={BMC Bioinformatics},
  volume={21},
  pages={1--18},
  year={2020},
  publisher={Springer}
}

@article{lee2019attention,
  title={Attention models in graphs: A survey},
  author={Lee, John Boaz and Rossi, Ryan A and Kim, Sungchul and Ahmed, Nesreen K and Koh, Eunyee},
  journal={ACM Transactions on Knowledge Discovery from Data (TKDD)},
  volume={13},
  number={6},
  pages={1--25},
  year={2019},
  publisher={ACM New York, NY, USA}
}

@article{ehrlinger2016towards,
  title={Towards a Definition of Knowledge Graphs.},
  author={Ehrlinger, Lisa and W{\"o}{\ss}, Wolfram},
  journal={SEMANTiCS (Posters, Demos, SuCCESS)},
  volume={48},
  pages={1--4},
  year={2016}
}

@article{zhou2019hahe,
  title={HAHE: Hierarchical attentive heterogeneous information network embedding},
  author={Zhou, Sheng and Bu, Jiajun and Wang, Xin and Chen, Jiawei and Wang, Can},
  journal={arXiv preprint arXiv:1902.01475},
  year={2019}
}

@inproceedings{hosseini2019hierarchical,
  title={Hierarchical Target-Attentive Diagnosis Prediction in Heterogeneous Information Networks},
  author={Hosseini, Anahita and Davis, Tyler and Sarrafzadeh, Majid},
  booktitle={2019 International Conference on Data Mining Workshops (ICDMW)},
  pages={949--957},
  year={2019},
  organization={IEEE}
}

@article{yang2020interpretable,
  title={Interpretable and Efficient Heterogeneous Graph Convolutional Network},
  author={Yang, Yaming and Guan, Ziyu and Li, Jianxin and Huang, Jianbin and Zhao, Wei},
  journal={arXiv preprint arXiv:2005.13183},
  year={2020}
}

@article{wu2020comprehensive,
  title={A comprehensive survey on graph neural networks},
  author={Wu, Zonghan and Pan, Shirui and Chen, Fengwen and Long, Guodong and Zhang, Chengqi and Philip, S Yu},
  journal={IEEE Transactions on Neural Networks and Learning Systems},
  year={2020},
  publisher={IEEE}
}

@article{kohler2017human,
  title={The human phenotype ontology in 2017},
  author={K{\"o}hler, Sebastian and Vasilevsky, Nicole A and Engelstad, Mark and Foster, Erin and McMurry, Julie and Aym{\'e}, S{\'e}gol{\`e}ne and Baynam, Gareth and Bello, Susan M and Boerkoel, Cornelius F and Boycott, Kym M and others},
  journal={Nucleic acids research},
  volume={45},
  number={D1},
  pages={D865--D876},
  year={2017},
  publisher={Oxford University Press}
}

@article{arnaboldi2020text,
  title={Text mining meets community curation: a newly designed curation platform to improve author experience and participation at WormBase},
  author={Arnaboldi, Valerio and Raciti, Daniela and Van Auken, Kimberly and Chan, Juancarlos N and M{\"u}ller, Hans-Michael and Sternberg, Paul W},
  journal={Database},
  volume={2020},
  year={2020},
  publisher={Oxford Academic}
}

@article{herrero2013ddi,
  title={The DDI corpus: An annotated corpus with pharmacological substances and drug--drug interactions},
  author={Herrero-Zazo, Mar{\'\i}a and Segura-Bedmar, Isabel and Mart{\'\i}nez, Paloma and Declerck, Thierry},
  journal={Journal of biomedical informatics},
  volume={46},
  number={5},
  pages={914--920},
  year={2013},
  publisher={Elsevier}
}

@article{tsueng2020applying,
  title={Applying citizen science to gene, drug and disease relationship extraction from biomedical abstracts},
  author={Tsueng, Ginger and Nanis, Max and Fouquier, Jennifer T and Mayers, Michael and Good, Benjamin M and Su, Andrew I},
  journal={Bioinformatics},
  volume={36},
  number={4},
  pages={1226--1233},
  year={2020},
  publisher={Oxford University Press}
}

@inproceedings{narayan2018ranking,
  title={Ranking Sentences for Extractive Summarization with Reinforcement Learning},
  author={Narayan, Shashi and Cohen, Shay B and Lapata, Mirella},
  booktitle={Proceedings of the 2018 Conference of the North American Chapter of the Association for Computational Linguistics: Human Language Technologies, Volume 1 (Long Papers)},
  pages={1747--1759},
  year={2018}
  }
  
  @inproceedings{miwa2010entity,
  title={Entity-focused sentence simplification for relation extraction},
  author={Miwa, Makoto and S{\ae}tre, Rune and Miyao, Yusuke and Tsujii, Jun’ichi},
  booktitle={Proceedings of the 23rd International Conference on Computational Linguistics (Coling 2010)},
  pages={788--796},
  year={2010}
}

@inproceedings{Beltagy2019SciBERT,
  title={Sci{BERT}: Pretrained Language Model for Scientific Text},
  author={Iz Beltagy and Kyle Lo and Arman Cohan},
  year={2019},
  booktitle={EMNLP},
  Eprint={arXiv:1903.10676}
}

@article{nussbaumer2020excluding,
  title={Excluding non-English publications from evidence-syntheses did not change conclusions: a meta-epidemiological study},
  author={Nussbaumer-Streit, B and Klerings, I and Dobrescu, AI and Persad, E and Stevens, A and Garritty, C and Kamel, C and Affengruber, L and King, VJ and Gartlehner, G},
  journal={Journal of Clinical Epidemiology},
  volume={118},
  pages={42--54},
  year={2020},
  publisher={Elsevier}
}

@article{di2017publish,
  title={Publish (in English) or perish: The effect on citation rate of using languages other than English in scientific publications},
  author={Di Bitetti, Mario S and Ferreras, Juli{\'a}n A},
  journal={Ambio},
  volume={46},
  number={1},
  pages={121--127},
  year={2017},
  publisher={Springer}
}

@INPROCEEDINGS{6103454,
  author={P. {Schone} and T. {Allison} and C. {Giannella} and C. {Pfeifer}},
  booktitle={2011 IEEE 23rd International Conference on Tools with Artificial Intelligence}, 
  title={Bootstrapping Multilingual Relation Discovery Using English Wikipedia and Wikimedia-Induced Entity Extraction}, 
  year={2011},
  volume={},
  number={},
  pages={944-951},}
  
  @article{leser2005makes,
  title={What makes a gene name? Named entity recognition in the biomedical literature},
  author={Leser, Ulf and Hakenberg, J{\"o}rg},
  journal={Briefings in bioinformatics},
  volume={6},
  number={4},
  pages={357--369},
  year={2005},
  publisher={Henry Stewart Publications}
}

@article{horwitz2011naming,
  title={Naming the problem that has no name: creating targets for standardized drugs},
  author={Horwitz, Allan V},
  journal={Studies in History and Philosophy of Science Part C: Studies in History and Philosophy of Biological and Biomedical Sciences},
  volume={42},
  number={4},
  pages={427--433},
  year={2011},
  publisher={Elsevier}
}

@inproceedings{gormley2010non,
  title={Non-expert correction of automatically generated relation annotations},
  author={Gormley, Matthew R and Gerber, Adam and Harper, Mary and Dredze, Mark},
  booktitle={Proceedings of the NAACL HLT 2010 Workshop on Creating Speech and Language Data with Amazon’s Mechanical Turk},
  pages={204--207},
  year={2010}
}

@inproceedings{liu2016effective,
  title={Effective crowd annotation for relation extraction},
  author={Liu, Angli and Soderland, Stephen and Bragg, Jonathan and Lin, Christopher H and Ling, Xiao and Weld, Daniel S},
  booktitle={Proceedings of the 2016 Conference of the North American Chapter of the Association for Computational Linguistics: Human Language Technologies},
  pages={897--906},
  year={2016}
}

@inproceedings{collovini2018annotating,
  title={Annotating relations between named entities with crowdsourcing},
  author={Collovini, Sandra and Pereira, Bolivar and dos Santos, Henrique DP and Vieira, Renata},
  booktitle={International Conference on Applications of Natural Language to Information Systems},
  pages={290--297},
  year={2018},
  organization={Springer}
}

@inproceedings{callison2010creating,
  title={Creating speech and language data with amazon’s mechanical turk},
  author={Callison-Burch, Chris and Dredze, Mark},
  booktitle={Proceedings of the NAACL HLT 2010 workshop on creating speech and language data with Amazon’s Mechanical Turk},
  pages={1--12},
  year={2010}
}

@inproceedings{ipeirotis2010quality,
  title={Quality management on amazon mechanical turk},
  author={Ipeirotis, Panagiotis G and Provost, Foster and Wang, Jing},
  booktitle={Proceedings of the ACM SIGKDD workshop on human computation},
  pages={64--67},
  year={2010}
}

@inproceedings{yetisgen2010preliminary,
  title={Preliminary experiments with Amazon’s mechanical turk for annotating medical named entities},
  author={Yetisgen-Yildiz, Meliha and Solti, Imre and Xia, Fei and Halgrim, Scott},
  booktitle={Proceedings of the NAACL HLT 2010 workshop on creating speech and language data with Amazon’s Mechanical Turk},
  pages={180--183},
  year={2010}
}

@article{khare2015scaling,
  title={Scaling drug indication curation through crowdsourcing},
  author={Khare, Ritu and Burger, John D and Aberdeen, John S and Tresner-Kirsch, David W and Corrales, Theodore J and Hirchman, Lynette and Lu, Zhiyong},
  journal={Database},
  volume={2015},
  year={2015},
  publisher={Narnia}
}

@article{wang2013perspectives,
  title={Perspectives on crowdsourcing annotations for natural language processing},
  author={Wang, Aobo and Hoang, Cong Duy Vu and Kan, Min-Yen},
  journal={Language resources and evaluation},
  volume={47},
  number={1},
  pages={9--31},
  year={2013},
  publisher={Springer}
}

@article{li2016crowdsourcing,
  title={A crowdsourcing workflow for extracting chemical-induced disease relations from free text},
  author={Li, Tong Shu and Bravo, {\`A}lex and Furlong, Laura I and Good, Benjamin M and Su, Andrew I},
  journal={Database},
  volume={2016},
  year={2016},
  publisher={Narnia}
}

@inproceedings{feyisetan2015towards,
  title={Towards hybrid NER: A study of content and crowdsourcing-related performance factors},
  author={Feyisetan, Oluwaseyi and Luczak-Roesch, Markus and Simperl, Elena and Tinati, Ramine and Shadbolt, Nigel},
  booktitle={European Semantic Web Conference},
  pages={525--540},
  year={2015},
  organization={Springer}
}

@inproceedings{good2014microtask,
  title={Microtask crowdsourcing for disease mention annotation in PubMed abstracts},
  author={Good, Benjamin M and Nanis, Max and Wu, Chunlei and Su, Andrew I},
  booktitle={Pacific Symposium on Biocomputing Co-Chairs},
  pages={282--293},
  year={2014},
  organization={World Scientific}
}

@inproceedings{song2019leveraging,
  title={Leveraging Dependency Forest for Neural Medical Relation Extraction},
  author={Song, Linfeng and Zhang, Yue and Gildea, Daniel and Yu, Mo and Wang, Zhiguo and others},
  booktitle={Proceedings of the 2019 Conference on Empirical Methods in Natural Language Processing and the 9th International Joint Conference on Natural Language Processing (EMNLP-IJCNLP)},
  pages={208--218},
  year={2019}
}

@article{sung2020biomedical,
  title={Biomedical Entity Representations with Synonym Marginalization},
  author={Sung, Mujeen and Jeon, Hwisang and Lee, Jinhyuk and Kang, Jaewoo},
  journal={arXiv},
  pages={arXiv--2005},
  year={2020}
}

@inproceedings{jin2020relation,
  title={Relation Extraction Exploiting Full Dependency Forests.},
  author={Jin, Lifeng and Song, Linfeng and Zhang, Yue and Xu, Kun and Ma, Wei-yun and Yu, Dong},
  booktitle={AAAI},
  year={2020},
  pages={8034--8041}
}

@article{campanatti2010health,
  title={Health sciences descriptors in the brazilian speech-language and hearing science.},
  author={Campanatti-Ostiz, H and Andrade, CR},
  journal={Pro-fono: revista de atualizacao cientifica},
  volume={22},
  number={4},
  pages={397},
  year={2010}
}

@inproceedings{papagiannopoulou2016large,
  title={Large-scale semantic indexing and question answering in biomedicine},
  author={Papagiannopoulou, Eirini and Papanikolaou, Yiannis and Dimitriadis, Dimitris and Lagopoulos, Sakis and Tsoumakas, Grigorios and Laliotis, Manos and Markantonatos, Nikos and Vlahavas, Ioannis},
  booktitle={Proceedings of the Fourth BioASQ workshop},
  pages={50--54},
  year={2016}
}